
   <record>
      <leader>     nam a22      a 4500</leader>
      <controlfield tag="FMT">BK</controlfield>
      <controlfield tag="001">nkc20091856190</controlfield>
      <controlfield tag="003">CZ PrNK</controlfield>
      <controlfield tag="005">20100304090749.0</controlfield>
      <controlfield tag="007">ta</controlfield>
      <controlfield tag="008">100129s2009    xr     g      000 f cze</controlfield>
      <datafield tag="015" ind1=" " ind2=" ">
         <subfield code="a">cnb001856190</subfield>
      </datafield>
      <datafield tag="020" ind1=" " ind2=" ">
         <subfield code="a">978-80-7376-123-3</subfield>
         <subfield code="q">(brož.)</subfield>
      </datafield>
      <datafield tag="035" ind1=" " ind2=" ">
         <subfield code="a">(OCoLC)551377162</subfield>
      </datafield>
      <datafield tag="040" ind1=" " ind2=" ">
         <subfield code="a">ABA001</subfield>
         <subfield code="b">cze</subfield>
         <subfield code="d">BOA001</subfield>
      </datafield>
      <datafield tag="041" ind1="1" ind2=" ">
         <subfield code="a">cze</subfield>
         <subfield code="h">eng</subfield>
      </datafield>
      <datafield tag="072" ind1=" " ind2="7">
         <subfield code="a">821.111(73)-3</subfield>
         <subfield code="x">Americká próza</subfield>
         <subfield code="2">Konspekt</subfield>
         <subfield code="9">25</subfield>
      </datafield>
      <datafield tag="080" ind1=" " ind2=" ">
         <subfield code="a">821.111(73)-31</subfield>
         <subfield code="2">MRF</subfield>
      </datafield>
      <datafield tag="080" ind1=" " ind2=" ">
         <subfield code="a">(0:82-31)</subfield>
         <subfield code="2">MRF</subfield>
      </datafield>
      <datafield tag="100" ind1="1" ind2=" ">
         <subfield code="a">Kyle, Aryn</subfield>
         <subfield code="7">xx0108893</subfield>
         <subfield code="4">aut</subfield>
      </datafield>
      <datafield tag="245" ind1="1" ind2="0">
         <subfield code="a">Zvírecí buh /</subfield>
         <subfield code="c">Aryn Kyleová ; [z anglického originálu ... preložil Jakub Florian]</subfield>
      </datafield>
      <datafield tag="250" ind1=" " ind2=" ">
         <subfield code="a">1. vyd.</subfield>
      </datafield>
      <datafield tag="260" ind1=" " ind2=" ">
         <subfield code="a">Praha :</subfield>
         <subfield code="b">Olympia,</subfield>
         <subfield code="c">2009</subfield>
      </datafield>
      <datafield tag="300" ind1=" " ind2=" ">
         <subfield code="a">272 s. ;</subfield>
         <subfield code="c">20 cm</subfield>
      </datafield>
      <datafield tag="655" ind1=" " ind2="7">
         <subfield code="a">americké romány</subfield>
         <subfield code="7">fd131796</subfield>
         <subfield code="2">czenas</subfield>
      </datafield>
      <datafield tag="655" ind1=" " ind2="9">
         <subfield code="a">American fiction</subfield>
         <subfield code="2">eczenas</subfield>
      </datafield>
      <datafield tag="765" ind1="0" ind2=" ">
         <subfield code="t">God of animals</subfield>
         <subfield code="9">Cesky</subfield>
      </datafield>
      <datafield tag="856" ind1="4" ind2="1">
         <subfield code="u">http://kramerius4.nkp.cz/search/handle/uuid:bbdee410-78a2-11e5-99af-005056827e52</subfield>
         <subfield code="y">Digitalizovaný dokument</subfield>
      </datafield>
      <datafield tag="910" ind1=" " ind2=" ">
         <subfield code="a">ABA001</subfield>
      </datafield>
      <datafield tag="ITM" ind1=" " ind2=" ">
         <subfield code="b">1001968637</subfield>
         <subfield code="c">I 492368</subfield>
         <subfield code="d"/>
         <subfield code="v"/>
         <subfield code="i"/>
         <subfield code="y"/>
      </datafield>
      <controlfield tag="SYS">001856190</controlfield>
   </record>