
   <record>
      <leader>     nas a22      i 4500</leader>
      <controlfield tag="FMT">SE</controlfield>
      <controlfield tag="001">nkc20091967377</controlfield>
      <controlfield tag="003">CZ PrNK</controlfield>
      <controlfield tag="005">20170906131510.0</controlfield>
      <controlfield tag="007">ta</controlfield>
      <controlfield tag="008">090714c20079999xr ar         0   b0cze</controlfield>
      <datafield tag="015" ind1=" " ind2=" ">
         <subfield code="z">cnb001967377</subfield>
      </datafield>
      <datafield tag="035" ind1=" " ind2=" ">
         <subfield code="a">(OCoLC)433017120</subfield>
      </datafield>
      <datafield tag="040" ind1=" " ind2=" ">
         <subfield code="a">ABA001</subfield>
         <subfield code="b">cze</subfield>
         <subfield code="d">OLA001</subfield>
         <subfield code="e">rda</subfield>
      </datafield>
      <datafield tag="043" ind1=" " ind2=" ">
         <subfield code="a">e-xr---</subfield>
         <subfield code="b">e-xr-pg</subfield>
         <subfield code="2">czenas</subfield>
      </datafield>
      <datafield tag="045" ind1=" " ind2=" ">
         <subfield code="a">y0y-</subfield>
      </datafield>
      <datafield tag="072" ind1=" " ind2="7">
         <subfield code="a">027</subfield>
         <subfield code="x">Univerzální knihovny. Verejné knihovny. Soukromé knihovny</subfield>
         <subfield code="2">Konspekt</subfield>
         <subfield code="9">12</subfield>
      </datafield>
      <datafield tag="080" ind1=" " ind2=" ">
         <subfield code="a">027.2</subfield>
         <subfield code="2">MRF</subfield>
      </datafield>
      <datafield tag="080" ind1=" " ind2=" ">
         <subfield code="a">021</subfield>
         <subfield code="2">MRF</subfield>
      </datafield>
      <datafield tag="080" ind1=" " ind2=" ">
         <subfield code="a">657.4</subfield>
         <subfield code="2">MRF</subfield>
      </datafield>
      <datafield tag="080" ind1=" " ind2=" ">
         <subfield code="a">(437.311)</subfield>
         <subfield code="2">MRF</subfield>
      </datafield>
      <datafield tag="080" ind1=" " ind2=" ">
         <subfield code="a">(047.1)</subfield>
         <subfield code="2">MRF</subfield>
      </datafield>
      <datafield tag="110" ind1="2" ind2=" ">
         <subfield code="a">Akademie ved Ceské republiky.</subfield>
         <subfield code="b">Knihovna</subfield>
         <subfield code="7">ko2002102000</subfield>
         <subfield code="4">aut</subfield>
      </datafield>
      <datafield tag="240" ind1="1" ind2="0">
         <subfield code="a">Výrocní zpráva (Akademie ved Ceské republiky. Knihovna)</subfield>
      </datafield>
      <datafield tag="245" ind1="1" ind2="0">
         <subfield code="a">Výrocní zpráva o cinnosti a hospodarení za rok ... /</subfield>
         <subfield code="c">Knihovna AV CR</subfield>
      </datafield>
      <datafield tag="246" ind1="1" ind2=" ">
         <subfield code="i">Název v tiráži:</subfield>
         <subfield code="a">Knihovna AV CR, v.v.i. - výrocní zpráva o cinnosti a hospodarení za rok ...</subfield>
      </datafield>
      <datafield tag="246" ind1="3" ind2=" ">
         <subfield code="a">Výrocní zpráva o cinnosti a hospodarení za rok ... - Knihovna AV CR</subfield>
      </datafield>
      <datafield tag="264" ind1=" " ind2="1">
         <subfield code="a">Praha :</subfield>
         <subfield code="b">Knihovna AV CR, v.v.i,</subfield>
         <subfield code="c">[2007?]-</subfield>
      </datafield>
      <datafield tag="300" ind1=" " ind2=" ">
         <subfield code="a">^^^svazku ;</subfield>
         <subfield code="c">30 cm</subfield>
      </datafield>
      <datafield tag="310" ind1=" " ind2=" ">
         <subfield code="a">1x rocne</subfield>
      </datafield>
      <datafield tag="336" ind1=" " ind2=" ">
         <subfield code="a">text</subfield>
         <subfield code="b">txt</subfield>
         <subfield code="2">rdacontent</subfield>
      </datafield>
      <datafield tag="337" ind1=" " ind2=" ">
         <subfield code="a">bez média</subfield>
         <subfield code="b">n</subfield>
         <subfield code="2">rdamedia</subfield>
      </datafield>
      <datafield tag="338" ind1=" " ind2=" ">
         <subfield code="a">svazek</subfield>
         <subfield code="b">nc</subfield>
         <subfield code="2">rdacarrier</subfield>
      </datafield>
      <datafield tag="500" ind1=" " ind2=" ">
         <subfield code="a">Název z obálky</subfield>
      </datafield>
      <datafield tag="500" ind1=" " ind2=" ">
         <subfield code="a">Soucástí názvu je oznacení bežného roku</subfield>
      </datafield>
      <datafield tag="500" ind1=" " ind2=" ">
         <subfield code="a">Jednotlivé svazky mají ISBN</subfield>
      </datafield>
      <datafield tag="588" ind1=" " ind2=" ">
         <subfield code="a">Popsáno podle: 2008</subfield>
         <subfield code="5">CZ-PrNK</subfield>
      </datafield>
      <datafield tag="610" ind1="2" ind2="7">
         <subfield code="a">Akademie ved Ceské republiky.</subfield>
         <subfield code="b">Knihovna</subfield>
         <subfield code="7">ko2002102000</subfield>
         <subfield code="2">czenas</subfield>
      </datafield>
      <datafield tag="648" ind1=" " ind2="7">
         <subfield code="a">2001-2020</subfield>
         <subfield code="7">ch460601</subfield>
         <subfield code="2">czenas</subfield>
      </datafield>
      <datafield tag="648" ind1=" " ind2="7">
         <subfield code="a">21. století</subfield>
         <subfield code="7">ch460559</subfield>
         <subfield code="2">czenas</subfield>
      </datafield>
      <datafield tag="650" ind1="0" ind2="7">
         <subfield code="a">akademické knihovny</subfield>
         <subfield code="7">ph118312</subfield>
         <subfield code="z">Cesko</subfield>
         <subfield code="y">21. století</subfield>
         <subfield code="2">czenas</subfield>
      </datafield>
      <datafield tag="650" ind1="0" ind2="7">
         <subfield code="a">cinnost knihoven</subfield>
         <subfield code="7">ph168257</subfield>
         <subfield code="z">Cesko</subfield>
         <subfield code="y">21. století</subfield>
         <subfield code="2">czenas</subfield>
      </datafield>
      <datafield tag="650" ind1="0" ind2="7">
         <subfield code="a">hospodárské výsledky</subfield>
         <subfield code="7">ph292474</subfield>
         <subfield code="z">Cesko</subfield>
         <subfield code="y">21. století</subfield>
         <subfield code="2">czenas</subfield>
      </datafield>
      <datafield tag="650" ind1="0" ind2="9">
         <subfield code="a">academic libraries</subfield>
         <subfield code="z">Czechia</subfield>
         <subfield code="y">21st century</subfield>
         <subfield code="2">eczenas</subfield>
      </datafield>
      <datafield tag="650" ind1="0" ind2="9">
         <subfield code="a">activities of libraries</subfield>
         <subfield code="z">Czechia</subfield>
         <subfield code="y">21st century</subfield>
         <subfield code="2">eczenas</subfield>
      </datafield>
      <datafield tag="650" ind1="0" ind2="9">
         <subfield code="a">economic results</subfield>
         <subfield code="z">Czechia</subfield>
         <subfield code="y">21st century</subfield>
         <subfield code="2">eczenas</subfield>
      </datafield>
      <datafield tag="651" ind1=" " ind2="7">
         <subfield code="a">Praha (Cesko)</subfield>
         <subfield code="7">ge118011</subfield>
         <subfield code="2">czenas</subfield>
      </datafield>
      <datafield tag="651" ind1=" " ind2="9">
         <subfield code="a">Prague (Czechia)</subfield>
         <subfield code="2">eczenas</subfield>
      </datafield>
      <datafield tag="655" ind1=" " ind2="7">
         <subfield code="a">výrocní zprávy</subfield>
         <subfield code="7">fd133860</subfield>
         <subfield code="2">czenas</subfield>
      </datafield>
      <datafield tag="655" ind1=" " ind2="9">
         <subfield code="a">annual reports</subfield>
         <subfield code="2">eczenas</subfield>
      </datafield>
      <datafield tag="856" ind1="4" ind2="1">
         <subfield code="u">http://kramerius4.nkp.cz/search/handle/uuid:63723b50-9774-11e6-9328-005056825209</subfield>
         <subfield code="y">Digitalizovaný dokument</subfield>
      </datafield>
      <datafield tag="902" ind1=" " ind2=" ">
         <subfield code="a">978-80-86675-18-3</subfield>
         <subfield code="q">(2007 ;</subfield>
         <subfield code="q">v knize neuvedeno ;</subfield>
         <subfield code="q">brožováno)</subfield>
         <subfield code="z">978-80-86675-13-8</subfield>
      </datafield>
      <datafield tag="902" ind1=" " ind2=" ">
         <subfield code="a">978-80-86675-17-6</subfield>
         <subfield code="q">(2008 ;</subfield>
         <subfield code="q">brožováno)</subfield>
      </datafield>
      <datafield tag="902" ind1=" " ind2=" ">
         <subfield code="a">978-80-86675-19-0</subfield>
         <subfield code="q">(2009 ;</subfield>
         <subfield code="q">brožováno)</subfield>
      </datafield>
      <datafield tag="902" ind1=" " ind2=" ">
         <subfield code="a">978-80-86675-21-3</subfield>
         <subfield code="q">(2010 ;</subfield>
         <subfield code="q">brožováno)</subfield>
      </datafield>
      <datafield tag="902" ind1=" " ind2=" ">
         <subfield code="a">978-80-86675-23-7</subfield>
         <subfield code="q">(2011 ;</subfield>
         <subfield code="q">brožováno)</subfield>
      </datafield>
      <datafield tag="902" ind1=" " ind2=" ">
         <subfield code="a">978-80-86675-25-1</subfield>
         <subfield code="q">(2012 ;</subfield>
         <subfield code="q">brožováno)</subfield>
      </datafield>
      <datafield tag="902" ind1=" " ind2=" ">
         <subfield code="a">978-80-86675-26-8</subfield>
         <subfield code="q">(2013 ;</subfield>
         <subfield code="q">brožováno)</subfield>
      </datafield>
      <datafield tag="902" ind1=" " ind2=" ">
         <subfield code="a">978-80-86675-28-2</subfield>
         <subfield code="q">(2014 ;</subfield>
         <subfield code="q">brožováno)</subfield>
      </datafield>
      <datafield tag="902" ind1=" " ind2=" ">
         <subfield code="a">978-80-86675-29-9</subfield>
         <subfield code="q">(2015 ;</subfield>
         <subfield code="q">brožováno)</subfield>
      </datafield>
      <datafield tag="902" ind1=" " ind2=" ">
         <subfield code="a">978-80-86675-30-5</subfield>
         <subfield code="q">(2016 ;</subfield>
         <subfield code="q">brožováno)</subfield>
      </datafield>
      <datafield tag="910" ind1=" " ind2=" ">
         <subfield code="a">ABA001</subfield>
      </datafield>
      <datafield tag="ITM" ind1=" " ind2=" ">
         <subfield code="b">1002367878</subfield>
         <subfield code="c">III 207224</subfield>
         <subfield code="d">2011</subfield>
         <subfield code="v">2011</subfield>
         <subfield code="i"/>
         <subfield code="y"/>
      </datafield>
      <controlfield tag="SYS">001967377</controlfield>
   </record>