
   <record>
      <leader>     nam a22      a 4500</leader>
      <controlfield tag="FMT">BK</controlfield>
      <controlfield tag="001">nkc20102111487</controlfield>
      <controlfield tag="003">CZ PrNK</controlfield>
      <controlfield tag="005">20100915132014.0</controlfield>
      <controlfield tag="007">ta</controlfield>
      <controlfield tag="008">100616s2010    xr     e      000 0ccze</controlfield>
      <datafield tag="015" ind1=" " ind2=" ">
         <subfield code="a">cnb002111487</subfield>
      </datafield>
      <datafield tag="020" ind1=" " ind2=" ">
         <subfield code="a">978-80-7387-349-3</subfield>
         <subfield code="q">(brož.)</subfield>
      </datafield>
      <datafield tag="035" ind1=" " ind2=" ">
         <subfield code="a">(OCoLC)670479561</subfield>
      </datafield>
      <datafield tag="040" ind1=" " ind2=" ">
         <subfield code="a">BOA001</subfield>
         <subfield code="b">cze</subfield>
      </datafield>
      <datafield tag="072" ind1=" " ind2="7">
         <subfield code="a">159.98</subfield>
         <subfield code="x">Aplikovaná psychologie</subfield>
         <subfield code="2">Konspekt</subfield>
         <subfield code="9">17</subfield>
      </datafield>
      <datafield tag="080" ind1=" " ind2=" ">
         <subfield code="a">656.1.08</subfield>
         <subfield code="2">MRF</subfield>
      </datafield>
      <datafield tag="080" ind1=" " ind2=" ">
         <subfield code="a">656.08-058.66</subfield>
         <subfield code="2">MRF</subfield>
      </datafield>
      <datafield tag="080" ind1=" " ind2=" ">
         <subfield code="a">629.33-051</subfield>
         <subfield code="2">MRF</subfield>
      </datafield>
      <datafield tag="080" ind1=" " ind2=" ">
         <subfield code="a">159.923</subfield>
         <subfield code="2">MRF</subfield>
      </datafield>
      <datafield tag="080" ind1=" " ind2=" ">
         <subfield code="a">(047.53)</subfield>
         <subfield code="2">MRF</subfield>
      </datafield>
      <datafield tag="080" ind1=" " ind2=" ">
         <subfield code="a">(0:82-32)</subfield>
         <subfield code="2">MRF</subfield>
      </datafield>
      <datafield tag="100" ind1="1" ind2=" ">
         <subfield code="a">Havlík, Karel,</subfield>
         <subfield code="d">1937-</subfield>
         <subfield code="7">jo2002142311</subfield>
         <subfield code="4">aut</subfield>
      </datafield>
      <datafield tag="245" ind1="1" ind2="0">
         <subfield code="a">Osudová stretnutí :</subfield>
         <subfield code="b">rozhovory s lidmi, kterí prežili dopravní nehodu /</subfield>
         <subfield code="c">Karel Havlík</subfield>
      </datafield>
      <datafield tag="250" ind1=" " ind2=" ">
         <subfield code="a">Vyd. 1.</subfield>
      </datafield>
      <datafield tag="260" ind1=" " ind2=" ">
         <subfield code="a">V Praze :</subfield>
         <subfield code="b">Triton,</subfield>
         <subfield code="c">2010</subfield>
      </datafield>
      <datafield tag="300" ind1=" " ind2=" ">
         <subfield code="a">150 s. ;</subfield>
         <subfield code="c">20 cm</subfield>
      </datafield>
      <datafield tag="650" ind1="0" ind2="7">
         <subfield code="a">silnicní dopravní nehody</subfield>
         <subfield code="7">ph125532</subfield>
         <subfield code="2">czenas</subfield>
      </datafield>
      <datafield tag="650" ind1="0" ind2="7">
         <subfield code="a">obeti dopravních nehod</subfield>
         <subfield code="7">ph314937</subfield>
         <subfield code="2">czenas</subfield>
      </datafield>
      <datafield tag="650" ind1="0" ind2="7">
         <subfield code="a">ridici</subfield>
         <subfield code="7">ph128302</subfield>
         <subfield code="2">czenas</subfield>
      </datafield>
      <datafield tag="650" ind1="0" ind2="7">
         <subfield code="a">psychologie osobnosti</subfield>
         <subfield code="7">ph115951</subfield>
         <subfield code="2">czenas</subfield>
      </datafield>
      <datafield tag="650" ind1="0" ind2="9">
         <subfield code="a">road traffic accidents</subfield>
         <subfield code="2">eczenas</subfield>
      </datafield>
      <datafield tag="650" ind1="0" ind2="9">
         <subfield code="a">traffic accident victims</subfield>
         <subfield code="2">eczenas</subfield>
      </datafield>
      <datafield tag="650" ind1="0" ind2="9">
         <subfield code="a">car drivers</subfield>
         <subfield code="2">eczenas</subfield>
      </datafield>
      <datafield tag="650" ind1="0" ind2="9">
         <subfield code="a">psychology of personality</subfield>
         <subfield code="2">eczenas</subfield>
      </datafield>
      <datafield tag="655" ind1=" " ind2="7">
         <subfield code="a">rozhovory</subfield>
         <subfield code="7">fd133303</subfield>
         <subfield code="2">czenas</subfield>
      </datafield>
      <datafield tag="655" ind1=" " ind2="7">
         <subfield code="a">príbehy</subfield>
         <subfield code="7">fd133204</subfield>
         <subfield code="2">czenas</subfield>
      </datafield>
      <datafield tag="655" ind1=" " ind2="9">
         <subfield code="a">interviews</subfield>
         <subfield code="2">eczenas</subfield>
      </datafield>
      <datafield tag="655" ind1=" " ind2="9">
         <subfield code="a">stories</subfield>
         <subfield code="2">eczenas</subfield>
      </datafield>
      <datafield tag="856" ind1="4" ind2="1">
         <subfield code="u">http://kramerius4.nkp.cz/search/handle/uuid:34fa6730-5bea-11e7-a0ea-005056827e52</subfield>
         <subfield code="y">Digitalizovaný dokument</subfield>
      </datafield>
      <datafield tag="910" ind1=" " ind2=" ">
         <subfield code="a">ABA001</subfield>
      </datafield>
      <datafield tag="ITM" ind1=" " ind2=" ">
         <subfield code="b">1002185011</subfield>
         <subfield code="c">I 499252</subfield>
         <subfield code="d"/>
         <subfield code="v"/>
         <subfield code="i"/>
         <subfield code="y"/>
      </datafield>
      <controlfield tag="SYS">002111487</controlfield>
   </record>