
   <record>
      <leader>     nas a22      a 4500</leader>
      <controlfield tag="FMT">SE</controlfield>
      <controlfield tag="001">cpk20112175409</controlfield>
      <controlfield tag="003">CZ PrNK</controlfield>
      <controlfield tag="005">20151020143902.0</controlfield>
      <controlfield tag="007">ta</controlfield>
      <controlfield tag="008">110316d19681988xr ar         0   b0cze</controlfield>
      <datafield tag="015" ind1=" " ind2=" ">
         <subfield code="a">cnb002175409</subfield>
         <subfield code="z">cnb000449185</subfield>
         <subfield code="z">cnb000451756</subfield>
         <subfield code="z">cnb000767738</subfield>
         <subfield code="z">cnb000433445</subfield>
         <subfield code="z">cnb000438197</subfield>
         <subfield code="z">cnb000461401</subfield>
         <subfield code="z">cnb000467902</subfield>
         <subfield code="z">cnb000470667</subfield>
         <subfield code="z">cnb000460796</subfield>
         <subfield code="z">cnb000416242</subfield>
         <subfield code="z">cnb000121811</subfield>
         <subfield code="z">cnb000394550</subfield>
         <subfield code="z">cnb000393088</subfield>
         <subfield code="z">cnb000002031</subfield>
         <subfield code="z">cnb000005160</subfield>
         <subfield code="z">cnb000020962</subfield>
         <subfield code="z">cnb000037188</subfield>
         <subfield code="z">cnb000012082</subfield>
         <subfield code="z">cnb000018286</subfield>
         <subfield code="z">cnb000053171</subfield>
         <subfield code="z">cnb000046124</subfield>
      </datafield>
      <datafield tag="035" ind1=" " ind2=" ">
         <subfield code="a">(OCoLC)42130999</subfield>
      </datafield>
      <datafield tag="035" ind1=" " ind2=" ">
         <subfield code="a">(OCoLC)42121144</subfield>
      </datafield>
      <datafield tag="035" ind1=" " ind2=" ">
         <subfield code="a">(OCoLC)42142586</subfield>
      </datafield>
      <datafield tag="035" ind1=" " ind2=" ">
         <subfield code="a">(OCoLC)42101726</subfield>
      </datafield>
      <datafield tag="035" ind1=" " ind2=" ">
         <subfield code="a">(OCoLC)85572083</subfield>
      </datafield>
      <datafield tag="035" ind1=" " ind2=" ">
         <subfield code="a">(OCoLC)85637477</subfield>
      </datafield>
      <datafield tag="040" ind1=" " ind2=" ">
         <subfield code="a">ABA001</subfield>
         <subfield code="b">cze</subfield>
      </datafield>
      <datafield tag="245" ind1="0" ind2="0">
         <subfield code="a">Novodobé dejiny v ceskoslovenské historiografii :</subfield>
         <subfield code="b">bibliografie ...</subfield>
      </datafield>
      <datafield tag="260" ind1=" " ind2=" ">
         <subfield code="a">Praha :</subfield>
         <subfield code="b">Rudé právo,</subfield>
         <subfield code="c">1968-[1988?]</subfield>
      </datafield>
      <datafield tag="300" ind1=" " ind2=" ">
         <subfield code="a">^^^sv. ;</subfield>
         <subfield code="c">8°</subfield>
      </datafield>
      <datafield tag="310" ind1=" " ind2=" ">
         <subfield code="a">1x rocne</subfield>
      </datafield>
      <datafield tag="362" ind1="0" ind2=" ">
         <subfield code="a">1967-[1987]</subfield>
      </datafield>
      <datafield tag="500" ind1=" " ind2=" ">
         <subfield code="a">Soucástí podnázvu je oznacení kalendárního roku</subfield>
      </datafield>
      <datafield tag="500" ind1=" " ind2=" ">
         <subfield code="a">Vychází jako Bibliografická rocenka knihovny Ústavu dejin socialismu a príloha casopisu Revue dejin socialismu, od roc. 1969 (s oznacením roc. 5 [6]) jako: Bibliografická rocenka knihovny Ústavu marxismu-leninismu ÚV KSC, od roc. 1972 (s oznacením roc. 8 [9]) jako: Bibliografická rocenka knihovny Ústavu marxismu-leninismu ÚV KSC a knihovny Ústavu marxizmu-leninizmu ÚV KSS</subfield>
      </datafield>
      <datafield tag="500" ind1=" " ind2=" ">
         <subfield code="a">Císlování rocenky pokracuje z predchozího seriálu</subfield>
      </datafield>
      <datafield tag="500" ind1=" " ind2=" ">
         <subfield code="a">Od roc. 1973 další podnázev: marxisticko-leninská teorie</subfield>
      </datafield>
      <datafield tag="500" ind1=" " ind2=" ">
         <subfield code="a">Popsáno podle roc. 1967</subfield>
      </datafield>
      <datafield tag="546" ind1=" " ind2=" ">
         <subfield code="a">Soubežný nemecký, anglický a ruský úvod</subfield>
      </datafield>
      <datafield tag="740" ind1="0" ind2="2">
         <subfield code="a">Bibliografická rocenka knihovny Ústavu dejin socialismu</subfield>
      </datafield>
      <datafield tag="740" ind1="0" ind2="2">
         <subfield code="a">Bibliografická rocenka knihovny Ústavu marxismu-leninismu ÚV KSC</subfield>
      </datafield>
      <datafield tag="740" ind1="0" ind2="2">
         <subfield code="a">Marxisticko-leninská teorie</subfield>
      </datafield>
      <datafield tag="780" ind1="0" ind2="0">
         <subfield code="t">Bibliografie dejin delnického hnutí</subfield>
      </datafield>
      <datafield tag="787" ind1="0" ind2=" ">
         <subfield code="t">Revue dejin socialismu</subfield>
      </datafield>
      <datafield tag="856" ind1="4" ind2="1">
         <subfield code="u">http://kramerius4.nkp.cz/search/handle/uuid:d7ee7eb0-abe8-11e2-8b87-005056827e51</subfield>
         <subfield code="y">Digitalizovaný dokument</subfield>
      </datafield>
      <datafield tag="910" ind1=" " ind2=" ">
         <subfield code="a">ABA001</subfield>
      </datafield>
      <datafield tag="ITM" ind1=" " ind2=" ">
         <subfield code="b">1002334119</subfield>
         <subfield code="c">I 188536/R.1977</subfield>
         <subfield code="d">R. 1977</subfield>
         <subfield code="v">1977</subfield>
         <subfield code="i"/>
         <subfield code="y"/>
      </datafield>
      <controlfield tag="SYS">002175409</controlfield>
   </record>