
   <record>
      <leader>     nam a22      a 4500</leader>
      <controlfield tag="FMT">BK</controlfield>
      <controlfield tag="001">nkc20112200788</controlfield>
      <controlfield tag="003">CZ PrNK</controlfield>
      <controlfield tag="005">20110906111131.0</controlfield>
      <controlfield tag="007">ta</controlfield>
      <controlfield tag="008">110718s2011    xr a   e c    000 0dcze</controlfield>
      <datafield tag="015" ind1=" " ind2=" ">
         <subfield code="z">cnb002200788</subfield>
      </datafield>
      <datafield tag="020" ind1=" " ind2=" ">
         <subfield code="a">978-80-260-0243-7</subfield>
         <subfield code="q">(v knize neuvedeno ;</subfield>
         <subfield code="q">brož.)</subfield>
      </datafield>
      <datafield tag="035" ind1=" " ind2=" ">
         <subfield code="a">(OCoLC)752796655</subfield>
      </datafield>
      <datafield tag="040" ind1=" " ind2=" ">
         <subfield code="a">ABA001</subfield>
         <subfield code="b">cze</subfield>
      </datafield>
      <datafield tag="041" ind1="1" ind2=" ">
         <subfield code="a">cze</subfield>
         <subfield code="a">eng</subfield>
         <subfield code="h">cze</subfield>
      </datafield>
      <datafield tag="043" ind1=" " ind2=" ">
         <subfield code="a">e-xr---</subfield>
      </datafield>
      <datafield tag="045" ind1=" " ind2=" ">
         <subfield code="a">y0y1</subfield>
      </datafield>
      <datafield tag="072" ind1=" " ind2="7">
         <subfield code="a">75</subfield>
         <subfield code="x">Malírství</subfield>
         <subfield code="2">Konspekt</subfield>
         <subfield code="9">21</subfield>
      </datafield>
      <datafield tag="080" ind1=" " ind2=" ">
         <subfield code="a">75(437.3)</subfield>
         <subfield code="2">MRF</subfield>
      </datafield>
      <datafield tag="080" ind1=" " ind2=" ">
         <subfield code="a">7.038.1</subfield>
         <subfield code="2">MRF</subfield>
      </datafield>
      <datafield tag="080" ind1=" " ind2=" ">
         <subfield code="a">(437.3)</subfield>
         <subfield code="2">MRF</subfield>
      </datafield>
      <datafield tag="080" ind1=" " ind2=" ">
         <subfield code="a">(083.824)</subfield>
         <subfield code="2">MRF</subfield>
      </datafield>
      <datafield tag="100" ind1="1" ind2=" ">
         <subfield code="a">Kaláb, Jan,</subfield>
         <subfield code="d">1978-</subfield>
         <subfield code="7">jo2003193333</subfield>
         <subfield code="4">art</subfield>
         <subfield code="4">aui</subfield>
      </datafield>
      <datafield tag="245" ind1="1" ind2="0">
         <subfield code="a">Kaláb 33 :</subfield>
         <subfield code="b">krížení planet : výstava obrazu, Trafacka, Praha, cerven 2011 = planets crossing : exhibition of paintings, Trafacka, Prague, June 2011 /</subfield>
         <subfield code="c">[koncepce a text Karel Srp, Jan Kaláb, Klára Vomácková]</subfield>
      </datafield>
      <datafield tag="246" ind1="3" ind2=" ">
         <subfield code="a">Kaláb 33 - krížení planet</subfield>
      </datafield>
      <datafield tag="246" ind1="3" ind2="0">
         <subfield code="a">Krížení planet</subfield>
      </datafield>
      <datafield tag="246" ind1="3" ind2="0">
         <subfield code="a">Planets crossing</subfield>
      </datafield>
      <datafield tag="246" ind1="1" ind2="5">
         <subfield code="a">Point &amp; cakes</subfield>
      </datafield>
      <datafield tag="260" ind1=" " ind2=" ">
         <subfield code="a">[Praha :</subfield>
         <subfield code="b">s.n.],</subfield>
         <subfield code="c">c2011</subfield>
      </datafield>
      <datafield tag="300" ind1=" " ind2=" ">
         <subfield code="a">[54] s. :</subfield>
         <subfield code="b">barev. il. ;</subfield>
         <subfield code="c">21 x 25 cm</subfield>
      </datafield>
      <datafield tag="500" ind1=" " ind2=" ">
         <subfield code="a">Životopisná data, prehled výstav</subfield>
      </datafield>
      <datafield tag="546" ind1=" " ind2=" ">
         <subfield code="a">Soubežný anglický text</subfield>
      </datafield>
      <datafield tag="600" ind1="1" ind2="7">
         <subfield code="a">Kaláb, Jan,</subfield>
         <subfield code="d">1978-</subfield>
         <subfield code="7">jo2003193333</subfield>
         <subfield code="2">czenas</subfield>
      </datafield>
      <datafield tag="648" ind1=" " ind2="7">
         <subfield code="a">21. století</subfield>
         <subfield code="7">ch460559</subfield>
         <subfield code="2">czenas</subfield>
      </datafield>
      <datafield tag="648" ind1=" " ind2="4">
         <subfield code="a">2009-2011</subfield>
      </datafield>
      <datafield tag="650" ind1="0" ind2="7">
         <subfield code="a">ceské malírství</subfield>
         <subfield code="7">ph116864</subfield>
         <subfield code="y">21. století</subfield>
         <subfield code="2">czenas</subfield>
      </datafield>
      <datafield tag="650" ind1="0" ind2="7">
         <subfield code="a">geometrická abstrakce (umení)</subfield>
         <subfield code="7">ph170417</subfield>
         <subfield code="z">Cesko</subfield>
         <subfield code="2">czenas</subfield>
      </datafield>
      <datafield tag="650" ind1="0" ind2="9">
         <subfield code="a">Czech painting</subfield>
         <subfield code="y">21st century</subfield>
         <subfield code="2">eczenas</subfield>
      </datafield>
      <datafield tag="650" ind1="0" ind2="9">
         <subfield code="a">geometric abstraction (art)</subfield>
         <subfield code="z">Czechia</subfield>
         <subfield code="2">eczenas</subfield>
      </datafield>
      <datafield tag="655" ind1=" " ind2="7">
         <subfield code="a">katalogy výstav</subfield>
         <subfield code="7">fd132536</subfield>
         <subfield code="2">czenas</subfield>
      </datafield>
      <datafield tag="655" ind1=" " ind2="9">
         <subfield code="a">exhibition catalogs</subfield>
         <subfield code="2">eczenas</subfield>
      </datafield>
      <datafield tag="700" ind1="1" ind2=" ">
         <subfield code="a">Srp, Karel,</subfield>
         <subfield code="d">1958-</subfield>
         <subfield code="7">jn20001103780</subfield>
         <subfield code="4">ccp</subfield>
         <subfield code="4">aui</subfield>
      </datafield>
      <datafield tag="700" ind1="1" ind2=" ">
         <subfield code="a">Vomácková, Klára</subfield>
         <subfield code="7">jx20090209010</subfield>
         <subfield code="4">ccp</subfield>
         <subfield code="4">aui</subfield>
      </datafield>
      <datafield tag="710" ind1="2" ind2=" ">
         <subfield code="a">Trafo Gallery (galerie : Praha, Cesko)</subfield>
         <subfield code="7">kn20080915020</subfield>
      </datafield>
      <datafield tag="910" ind1=" " ind2=" ">
         <subfield code="a">ABA001</subfield>
      </datafield>
      <datafield tag="ITM" ind1=" " ind2=" ">
         <subfield code="b">1001771085</subfield>
         <subfield code="c">II 168573</subfield>
         <subfield code="d"/>
         <subfield code="v"/>
         <subfield code="i"/>
         <subfield code="y"/>
      </datafield>
      <controlfield tag="SYS">002200788</controlfield>
   </record>