
   <record>
      <leader>     nam a22      a 4500</leader>
      <controlfield tag="FMT">BK</controlfield>
      <controlfield tag="001">nkc20122371411</controlfield>
      <controlfield tag="003">CZ PrNK</controlfield>
      <controlfield tag="005">20120903124549.0</controlfield>
      <controlfield tag="007">ta</controlfield>
      <controlfield tag="008">120601s2012    xr ab  e s    000 0 cze</controlfield>
      <datafield tag="015" ind1=" " ind2=" ">
         <subfield code="a">cnb002371411</subfield>
      </datafield>
      <datafield tag="020" ind1=" " ind2=" ">
         <subfield code="a">978-80-250-2177-4</subfield>
         <subfield code="q">(brož.) :</subfield>
         <subfield code="c">Kc 500,00</subfield>
      </datafield>
      <datafield tag="035" ind1=" " ind2=" ">
         <subfield code="a">(OCoLC)798996356</subfield>
      </datafield>
      <datafield tag="040" ind1=" " ind2=" ">
         <subfield code="a">ABA001</subfield>
         <subfield code="b">cze</subfield>
      </datafield>
      <datafield tag="043" ind1=" " ind2=" ">
         <subfield code="a">e-xr---</subfield>
      </datafield>
      <datafield tag="045" ind1=" " ind2=" ">
         <subfield code="a">x9y1</subfield>
      </datafield>
      <datafield tag="072" ind1=" " ind2="7">
         <subfield code="a">330.5+338</subfield>
         <subfield code="x">Národní hospodárství a hospodárská politika</subfield>
         <subfield code="2">Konspekt</subfield>
         <subfield code="9">4</subfield>
      </datafield>
      <datafield tag="080" ind1=" " ind2=" ">
         <subfield code="a">330.53</subfield>
         <subfield code="2">MRF</subfield>
      </datafield>
      <datafield tag="080" ind1=" " ind2=" ">
         <subfield code="a">(437.3)</subfield>
         <subfield code="2">MRF</subfield>
      </datafield>
      <datafield tag="080" ind1=" " ind2=" ">
         <subfield code="a">(083.41)</subfield>
         <subfield code="2">MRF</subfield>
      </datafield>
      <datafield tag="080" ind1=" " ind2=" ">
         <subfield code="a">(058)</subfield>
         <subfield code="2">MRF</subfield>
      </datafield>
      <datafield tag="245" ind1="0" ind2="0">
         <subfield code="a">Historická rocenka národních úctu 1990-2010 /</subfield>
         <subfield code="c">zpracoval CSÚ, odbor rocních národních úctu, odbor ctvrtletních národních úctu</subfield>
      </datafield>
      <datafield tag="260" ind1=" " ind2=" ">
         <subfield code="a">Praha :</subfield>
         <subfield code="b">Ceský statistický úrad,</subfield>
         <subfield code="c">2012</subfield>
      </datafield>
      <datafield tag="300" ind1=" " ind2=" ">
         <subfield code="a">389 s. :</subfield>
         <subfield code="b">barev. il., mapy ;</subfield>
         <subfield code="c">30 cm +</subfield>
         <subfield code="e">1 CD-ROM</subfield>
      </datafield>
      <datafield tag="490" ind1="1" ind2=" ">
         <subfield code="a">Ekonomika. Národní úcty</subfield>
      </datafield>
      <datafield tag="648" ind1=" " ind2="4">
         <subfield code="a">1990-2010</subfield>
      </datafield>
      <datafield tag="648" ind1=" " ind2="7">
         <subfield code="a">20.-21. století</subfield>
         <subfield code="7">ch462155</subfield>
         <subfield code="2">czenas</subfield>
      </datafield>
      <datafield tag="650" ind1="0" ind2="7">
         <subfield code="a">národní úcetnictví</subfield>
         <subfield code="7">ph123440</subfield>
         <subfield code="z">Cesko</subfield>
         <subfield code="y">20.-21. století</subfield>
         <subfield code="2">czenas</subfield>
      </datafield>
      <datafield tag="650" ind1="0" ind2="9">
         <subfield code="a">national accounting</subfield>
         <subfield code="z">Czechia</subfield>
         <subfield code="y">20th-21st centuries</subfield>
         <subfield code="2">eczenas</subfield>
      </datafield>
      <datafield tag="655" ind1=" " ind2="7">
         <subfield code="a">statistiky</subfield>
         <subfield code="7">fd133589</subfield>
         <subfield code="2">czenas</subfield>
      </datafield>
      <datafield tag="655" ind1=" " ind2="7">
         <subfield code="a">rocenky</subfield>
         <subfield code="7">fd133307</subfield>
         <subfield code="2">czenas</subfield>
      </datafield>
      <datafield tag="655" ind1=" " ind2="9">
         <subfield code="a">statistics</subfield>
         <subfield code="2">eczenas</subfield>
      </datafield>
      <datafield tag="655" ind1=" " ind2="9">
         <subfield code="a">yearbooks</subfield>
         <subfield code="2">eczenas</subfield>
      </datafield>
      <datafield tag="710" ind1="2" ind2=" ">
         <subfield code="a">Ceský statistický úrad.</subfield>
         <subfield code="b">Odbor rocních národních úctu</subfield>
         <subfield code="7">kn20020321026</subfield>
      </datafield>
      <datafield tag="710" ind1="2" ind2=" ">
         <subfield code="a">Ceský statistický úrad.</subfield>
         <subfield code="b">Odbor ctvrtletních národních úctu</subfield>
         <subfield code="7">kn20020513011</subfield>
      </datafield>
      <datafield tag="830" ind1=" " ind2="0">
         <subfield code="a">Ekonomika.</subfield>
         <subfield code="p">Národní úcty</subfield>
      </datafield>
      <datafield tag="910" ind1=" " ind2=" ">
         <subfield code="a">ABA001</subfield>
      </datafield>
      <datafield tag="ITM" ind1=" " ind2=" ">
         <subfield code="b">1002272323</subfield>
         <subfield code="c">III 206700</subfield>
         <subfield code="d">text</subfield>
         <subfield code="v">1</subfield>
         <subfield code="i"/>
         <subfield code="y"/>
      </datafield>
      <controlfield tag="SYS">002371411</controlfield>
   </record>